@online{ldap.
    author = IETF,
    title ="LDAP protocol",
    url = "https://ldap.com",
    keywords = "ldap"
}

@online{openldap.
    author = Kurt Zeilenga et al.,
    title ="OpenLDAP server",
    url = "https://www.openldap.org/",
    keywords = "ldap,server"
}

@online{docker.
    author =  Solomon Hykes et al.,
    title ="Docker",
    url = "https://www.docker.com/",
    keywords = "docker"
}

@online{ollama.
    title ="Ollama",
    url = "https://ollama.ai/",
    keywords = "data generation"
}

@online{llama-cpp-python.
    title ="llama-cpp-python",
    url = "https://llama-cpp-python.readthedocs.io/en/latest/",
    keywords = "data generation"
}

@online{langchain.
    author =  Harrison Chase,
    title ="Langchain",
    url = "https://python.langchain.com/docs/get_started/introduction",
    keywords = "LLM framework"
}

@online{schema2ldif.
    title ="schema2ldif",
    url = "https://github.com/fusiondirectory/schema2ldif",
    keywords = "ldap"
}
